@misc{goodshows,
  title={Good Shows App},
  howpublished="\url{https://home.goodshowsapp.com/}",
  note={Accessed: 2017-04-02}
}

@misc{rinema,
  title={Rinema},
  howpublished="\url{http://www.rinema.com/features}",
  note={Accessed: 2017-04-02}
}

@misc{icheckmovies,
  title={I Check Movies},
  howpublished="\url{https://www.icheckmovies.com/}",
  note={Accessed: 2017-04-02}
}

@misc{letterboxd,
  title={Letterboxd},
  howpublished="\url{https://letterboxd.com/}",
  note={Accessed: 2017-04-02}
}

@misc{seenthat,
  title={Seen That},
  howpublished="\url{http://seenthat.com/}",
  note={Accessed: 2017-04-02}
}

@misc{facebook,
  title={Facebook},
  howpublished="\url{http://facebook.com/}",
  note={Accessed: 2017-04-16}
}

@misc{goodreads,
  title={GoodReads},
  howpublished="\url{http://goodreads.com/}",
  note={Accessed: 2017-04-16}
}

@misc{wikipediarest,
  title={Wikipedia - REST},
  howpublished="\url{https://en.wikipedia.org/wiki/Representational_state_transfer}",
  note={Accessed: 2017-04-29}
}

